<?xml version="1.0" encoding="UTF-8"?><collection xmlns="http://www.loc.gov/MARC21/slim"><record><leader>00545nam--2200181-i-4500</leader><controlfield tag="001">000029737</controlfield><controlfield tag="002">20161230</controlfield><controlfield tag="005">20161230201037</controlfield><controlfield tag="008">060222s1000------------r-----000-0-eng-d</controlfield><datafield ind1=" " ind2=" " tag="020"><subfield code="a">3527403647</subfield></datafield><datafield ind1=" " ind2=" " tag="040"><subfield code="a">IFIN-HH</subfield></datafield><datafield ind1=" " ind2=" " tag="080"><subfield code="a">535:537.8:621.375.9</subfield></datafield><datafield ind1="1" ind2=" " tag="100"><subfield code="a">Meschede, Dieter</subfield></datafield><datafield ind1="1" ind2="0" tag="245"><subfield code="a">Optics, light and lasers</subfield><subfield code="b">The practical approach to modern aspects of photonics and laser physics</subfield><subfield code="c">Dieter meschede</subfield></datafield><datafield ind1=" " ind2=" " tag="260"><subfield code="a">Weinheim</subfield><subfield code="b">Wiley-vch Verlag Gmbh &amp; Co</subfield><subfield code="c">2004</subfield></datafield><datafield ind1=" " ind2=" " tag="300"><subfield code="a">410p</subfield></datafield><datafield ind1=" " ind2=" " tag="852"><subfield code="a">81401</subfield><subfield code="c">535</subfield></datafield><datafield ind1=" " ind2=" " tag="CAT"><subfield code="a">Sys</subfield><subfield code="c">20101129</subfield><subfield code="h">154602</subfield></datafield></record></collection>